<record><leader>00000cas a22000007a 4500</leader><controlfield tag="001">20258279</controlfield><controlfield tag="008">890825d18uu1890couwr ne      0    0eng d</controlfield><datafield ind1=" " ind2=" " tag="010"><subfield code="a">sn 89052247 </subfield></datafield><datafield ind1=" " ind2=" " tag="040"><subfield code="a">CNQ</subfield><subfield code="b">eng</subfield><subfield code="c">CNQ</subfield><subfield code="d">OCLCQ</subfield></datafield><datafield ind1=" " ind2=" " tag="042"><subfield code="a">msc</subfield></datafield><datafield ind1="0" ind2="0" tag="245"><subfield code="a">Silverton weekly miner and San Juan democrat.</subfield></datafield><datafield ind1="1" ind2="3" tag="246"><subfield code="a">Silverton weekly miner</subfield></datafield><datafield ind1=" " ind2=" " tag="260"><subfield code="a">Silverton, San Juan County, Colo. :</subfield><subfield code="b">Alfred Iles</subfield></datafield><datafield ind1=" " ind2=" " tag="300"><subfield code="a">v.</subfield></datafield><datafield ind1=" " ind2=" " tag="310"><subfield code="a">Weekly</subfield></datafield><datafield ind1="0" ind2=" " tag="362"><subfield code="a">-v. 15, no. 34, whole no. 766 (Mar. 22, 1890).</subfield></datafield><datafield ind1=" " ind2=" " tag="530"><subfield code="a">Available on microfilm from the Colorado Historical Society.</subfield></datafield><datafield ind1=" " ind2=" " tag="588"><subfield code="a">Description based on: Vol. 15, no. 23, whole no. 755 (Jan. 4, 1890).</subfield></datafield><datafield ind1=" " ind2=" " tag="752"><subfield code="a">United States</subfield><subfield code="b">Colorado</subfield><subfield code="c">San Juan</subfield><subfield code="d">Silverton.</subfield></datafield><datafield ind1="0" ind2="0" tag="785"><subfield code="t">Silverton weekly miner</subfield><subfield code="w">(DLC)sn 89052248</subfield></datafield><datafield ind1="1" ind2=" " tag="029"><subfield code="a">AU@</subfield><subfield code="b">000025899896</subfield></datafield></record>